<?xml version="1.0" encoding="UTF-8"?><collection xmlns="http://www.loc.gov/MARC21/slim"><record><leader>00434nam--2200133-i-4500</leader><controlfield tag="001">000030827</controlfield><controlfield tag="002">20161230</controlfield><controlfield tag="005">20161230201038</controlfield><controlfield tag="008">060222s1000------------r-----000-0-eng-d</controlfield><datafield ind1=" " ind2=" " tag="100"><subfield code="a">Mcfarland, Thomas C</subfield></datafield><datafield ind1=" " ind2=" " tag="245"><subfield code="a">Tables for power-series calculations involving independent variable of two harmonic components</subfield></datafield><datafield ind1=" " ind2=" " tag="260"><subfield code="a">Berkeley, Univ, Of Calif.Press 1935. 191-233p</subfield></datafield><datafield ind1=" " ind2=" " tag="490"><subfield code="a">Univ.Calif.Publ. In Engg.3, No.4,1935</subfield></datafield><datafield ind1=" " ind2=" " tag="852"><subfield code="a">15525</subfield></datafield></record></collection>